@inproceedings{qiu2016going,
  title         ={Going deeper with embedded fpga platform for convolutional neural network},
  author        ={Qiu, Jiantao and Wang, Jie and Yao, Song and others},
  booktitle     ={FPGA},
  pages         ={26--35},
  year          ={2016},
  organization  ={ACM}
}

@inproceedings{du2015shidiannao,
  title         ={ShiDianNao: shifting vision processing closer to the sensor},
  author        ={Du, Zidong and Fasthuber, Robert and Chen, Tianshi and others},
  booktitle     ={ISCA},
  pages         ={92--104},
  year          ={2015},
  organization  ={ACM}
}

@inproceedings{han2015learning,
  title         ={Learning both Weights and Connections for Efficient Neural Network},
  author        ={Han, Song and Pool, Jeff and Tran, John and others},
  booktitle     ={NIPS},
  pages         ={1135--1143},
  year          ={2015}
}

@inproceedings{zhang2015optimizing,
  title={Optimizing fpga-based accelerator design for deep convolutional neural networks},
  author={Zhang, Chen and Li, Peng and Sun, Guangyu and others},
  booktitle={FPGA},
  pages={161--170},
  year={2015},
  organization={ACM}
}

@article{simonyan2014very,
  title={Very deep convolutional networks for large-scale image recognition},
  author={Simonyan, Karen and Zisserman, Andrew},
  journal={arXiv preprint arXiv:1409.1556},
  year={2014}
}

@inproceedings{gokhale2014240,
  title={A 240 G-ops/s mobile coprocessor for deep neural networks},
  author={Gokhale, Vinayak and Jin, Jonghoon and Dundar, Aysegul and others},
  booktitle={CVPRW},
  pages={682--687},
  year={2014}
}

@inproceedings{chakradhar2010dynamically,
  title={A dynamically configurable coprocessor for conv
  olutional neural networks},
  author={Chakradhar, Srimat and Sankaradas, Murugan and Jakkula, Venkata and others},
  booktitle={ACM SIGARCH Computer Architecture News},
  volume={38},
  number={3},
  pages={247--257},
  year={2010},
  organization={ACM}
}

@InProceedings{sim2016deep,
  Title                    = {A 1.42TOPS/W Deep Convolutional Neural Network Recognition Processor for Intelligent IoE Systems},
  Author                   = {Jaehyeong Sim and Jun-Seok Park and Minhye Kim and Dongmyung Bae and Yeongjae Choi and Lee-Sup Kim},
  Booktitle                = {ISSCC},
  Year                     = {2016},
  Organization             = {IEEE}
}

@InProceedings{chen2016eyeriss,
  Title                    = {Eyeriss: An Energy-Efficient Reconfigurable Accelerator for Deep Convolutional Neural Networks},
  Author                   = {Yu-Hsin Chen and Tushar Krishna and Joel Emer and Vivienne Sze},
  Booktitle                = {ISSCC},
  Year                     = {2016},
  Organization             = {IEEE}
}

@InProceedings{krizhevsky2012imagenet,
  Title                    = {Imagenet classification with deep convolutional neural networks},
  Author                   = {Krizhevsky, Alex and Sutskever, Ilya and Hinton, Geoffrey E},
  Booktitle                = {NIPS},
  Year                     = {2012},
  Pages                    = {1097--1105}
}

@InCollection{zeiler2014visualizing,
  Title                    = {Visualizing and understanding convolutional networks},
  Author                   = {Zeiler, Matthew D and Fergus, Rob},
  Booktitle                = {ECCV},
  Year                     = {2014},
  Pages                    = {818--833}
}

@article{iandola2016squeezenet,
  title={SqueezeNet: AlexNet-level accuracy with 50x fewer parameters and $<$ 1MB model size},
  author={Iandola, Forrest N and Moskewicz, Matthew W and Ashraf, Khalid and others},
  journal={arXiv preprint arXiv:1602.07360},
  year={2016}
}

@Article{he2015deep,
  Title                    = {Deep Residual Learning for Image Recognition},
  Author                   = {He, Kaiming and Zhang, Xiangyu and Ren, Shaoqing and Sun, Jian},
  Journal                  = {arXiv preprint arXiv:1512.03385},
  Year                     = {2015},

  Owner                    = {Yao},
  Timestamp                = {2015.12.11}
}

@inproceedings{long2015fully,
  title={Fully convolutional networks for semantic segmentation},
  author={Long, Jonathan and Shelhamer, Evan and Darrell, Trevor},
  booktitle={CVPR},
  pages={3431--3440},
  year={2015}
}
@Article{bosi1999reconfigurable,
  Title                    = {Reconfigurable pipelined 2-D convolvers for fast digital signal processing},
  Author                   = {Bosi, Bernard and Bois, Guy and Savaria, Yvon},
  Journal                  = {VLSI},
  Year                     = {1999},
  Number                   = {3},
  Pages                    = {299--308},
  Volume                   = {7},

  Publisher                = {IEEE}
}

@article{Rastegari2016XNOR,
  title={XNOR-Net: ImageNet Classification Using Binary Convolutional Neural Networks},
  author={Rastegari, Mohammad and Ordonez, Vicente and Redmon, Joseph and Farhadi, Ali},
  year={2016}
}

@Article{szegedy2014going,
  Title                    = {Going deeper with convolutions},
  Author                   = {Szegedy, Christian and Liu, Wei and Jia, Yangqing and others},
  Journal                  = {arXiv preprint arXiv:1409.4842},
  Year                     = {2014}
}

@article{Jia2014Caffe,
  title={Caffe: Convolutional Architecture for Fast Feature Embedding},
  author={Jia, Yangqing and Shelhamer, Evan and Donahue, Jeff and Karayev, Sergey and Long, Jonathan and Girshick, Ross and Guadarrama, Sergio and Darrell, Trevor},
  journal={Eprint Arxiv},
  pages={675-678},
  year={2014},
}

@article{Dai2016R,
  title={R-FCN: Object Detection via Region-based Fully Convolutional Networks},
  author={Dai, Jifeng and Li, Yi and He, Kaiming and Sun, Jian},
  year={2016},
}

@article{Li2016High,
  title     ={A High Performance FPGA-based Accelerator for Large-Scale Convolutional Neural Networks},
  author    ={Hunmin Li, Xitian Fan, Li Jiao and others},
  booktitle ={FPL},
  year      ={2016}
}

@article{Shen2016Overcoming,
  title     = {Overcoming Resource Underutilization in Spatial CNN Accelerators},
  author    = {Yongming Shen, Michael Ferdman and Peter Milder},
  booktitle = {FPL},
  year      = {2016}
}

@inproceedings{farabet2011neuflow,
  title={Neuflow: A runtime reconfigurable dataflow processor for vision},
  author={Farabet, Cl{\'e}ment and Martini, Berin and Corda, Benoit and Akselrod, Polina and Culurciello, Eugenio and LeCun, Yann},
  booktitle={Cvpr 2011 Workshops},
  pages={109--116},
  year={2011},
  organization={IEEE}
}

@article{zhangcaffeine,
  title={Caffeine: Towards Uniformed Representation and Acceleration for Deep Convolutional Neural Networks},
  author={Zhang, Chen and Fang, Zhenman and Zhou, Peipei and Pan, Peichen and Cong, Jason}
}

@article{sharmadnnweaver,
  title={DNNWEAVER: From High-Level Deep Network Models to FPGA Acceleration},
  author={Sharma, Hardik and Park, Jongse and Amaro, Emmanuel and Thwaites, Bradley and Kotha, Praneetha and Gupta, Anmol and Kim, Joon Kyung and Mishra, Asit and Esmaeilzadeh, Hadi},
  year={2016}
}

@inproceedings{li2015convolutional,
  title={A convolutional neural network cascade for face detection},
  author={Li, Haoxiang and Lin, Zhe and Shen, Xiaohui and Brandt, Jonathan and Hua, Gang},
  booktitle={Proceedings of the IEEE Conference on Computer Vision and Pattern Recognition},
  pages={5325--5334},
  year={2015}
}

@article{zbontar2016stereo,
  title={Stereo matching by training a convolutional neural network to compare image patches},
  author={Zbontar, Jure and LeCun, Yann},
  journal={Journal of Machine Learning Research},
  volume={17},
  pages={1--32},
  year={2016}
}

@article{redmon2015you,
  title={You only look once: Unified, real-time object detection},
  author={Redmon, Joseph and Divvala, Santosh and Girshick, Ross and Farhadi, Ali},
  journal={arXiv preprint arXiv:1506.02640},
  year={2015}
}

@misc{imagenet,
   title = {ImageNet},
   howpublished = {\url{http://www.image-net.org/}}
}

@article{lavin2015fast,
  title={Fast algorithms for convolutional neural networks},
  author={Lavin, Andrew},
  journal={arXiv preprint arXiv:1509.09308},
  year={2015}
}

@article{zhou2016dorefa,
  title={DoReFa-Net: Training Low Bitwidth Convolutional Neural Networks with Low Bitwidth Gradients},
  author={Zhou, Shuchang and Ni, Zekun and Zhou, Xinyu and Wen, He and Wu, Yuxin and Zou, Yuheng},
  journal={arXiv preprint arXiv:1606.06160},
  year={2016}
}

@inproceedings{abdel2013exploring,
  title={Exploring convolutional neural network structures and optimization techniques for speech recognition.},
  author={Abdel-Hamid, Ossama and Deng, Li and Yu, Dong},
  booktitle={Interspeech},
  pages={3366--3370},
  year={2013}
}

@inproceedings{girshick2014rich,
  title={Rich feature hierarchies for accurate object detection and semantic segmentation},
  author={Girshick, Ross and Donahue, Jeff and Darrell, Trevor and Malik, Jitendra},
  booktitle={Proceedings of the IEEE conference on computer vision and pattern recognition},
  pages={580--587},
  year={2014}
}

@inproceedings{girshick2015fast,
  title={Fast r-cnn},
  author={Girshick, Ross},
  booktitle={Proceedings of the IEEE International Conference on Computer Vision},
  pages={1440--1448},
  year={2015}
}

@inproceedings{cavigelli2015origami,
  title={Origami: A convolutional network accelerator},
  author={Cavigelli, Lukas and Gschwend, David and Mayer, Christoph and Willi, Samuel and Muheim, Beat and Benini, Luca},
  booktitle={Proceedings of the 25th edition on Great Lakes Symposium on VLSI},
  pages={199--204},
  year={2015},
  organization={ACM}
}

@inproceedings{wang2016deepburning,
  title={DeepBurning: automatic generation of FPGA-based learning accelerators for the neural network family},
  author={Wang, Ying and Xu, Jie and Han, Yinhe and Li, Huawei and Li, Xiaowei},
  booktitle={Proceedings of the 53rd Annual Design Automation Conference},
  pages={110},
  year={2016},
  organization={ACM}
}

@inproceedings{alwani2016fused,
  title={Fused-layer CNN accelerators},
  author={Alwani, Manoj and Chen, Han and Ferdman, Michael and Milder, Peter},
  booktitle={Microarchitecture (MICRO), 2016 49th Annual IEEE/ACM International Symposium on},
  pages={1--12},
  year={2016},
  organization={IEEE}
}

@inproceedings{albericio2016cnvlutin,
  title={Cnvlutin: Ineffectual-neuron-free deep neural network computing},
  author={Albericio, Jorge and Judd, Patrick and Hetherington, Tayler and Aamodt, Tor and Jerger, Natalie Enright and Moshovos, Andreas},
  booktitle={Computer Architecture (ISCA), 2016 ACM/IEEE 43rd Annual International Symposium on},
  pages={1--13},
  year={2016},
  organization={IEEE}
}

@inproceedings{zhang2016cambricon,
  title={Cambricon-X: An accelerator for sparse neural networks},
  author={Zhang, Shijin and Du, Zidong and Zhang, Lei and Lan, Huiying and Liu, Shaoli and Li, Ling and Guo, Qi and Chen, Tianshi and Chen, Yunji},
  booktitle={Microarchitecture (MICRO), 2016 49th Annual IEEE/ACM International Symposium on},
  pages={1--12},
  year={2016},
  organization={IEEE}
}


@inproceedings{eie,
  author    = {{Han, Song and Liu, Xingyu and Mao, Huizi and others}},
  title     = {{EIE: Efficient Inference Engine on Compressed Deep Neural Network}},
  booktitle = {ISCA},
  year      = {2016},
  pages     = {243-254},
}

@inproceedings{chi2016prime,
  title={Prime: A novel processing-in-memory architecture for neural network computation in reram-based main memory},
  author={Chi, Ping and Li, Shuangchen and Xu, Cong and others},
  booktitle={ISCA},
  pages={27--39},
  year={2016},
  organization={IEEE Press}
}

@inproceedings{cheng2017time,
  title={TIME: A Training-in-memory Architecture for Memristor-based Deep Neural Networks},
  author={Cheng, Ming and Xia, Lixue and Zhu, Zhenhua and others},
  booktitle={DAC},
  pages={26},
  year={2017},
  organization={ACM}
}

@inproceedings{ma2017optimizing,
  title={Optimizing Loop Operation and Dataflow in FPGA Acceleration of Deep Convolutional Neural Networks},
  author={Ma, Yufei and Cao, Yu and Vrudhula, Sarma and Seo, Jae-sun},
  booktitle={FPGA},
  pages={45--54},
  year={2017},
  organization={ACM}
}

@article{guo2017software,
  title={Software-Hardware Codesign for Efficient Neural Network Acceleration},
  author={Guo, Kaiyuan and Han, Song and Yao, Song and others},
  journal={IEEE Micro},
  volume={37},
  number={2},
  pages={18--25},
  year={2017},
  publisher={IEEE}
}

@article{han2015deep,
  title={Deep compression: Compressing deep neural networks with pruning, trained quantization and huffman coding},
  author={Han, Song and Mao, Huizi and Dally, William J},
  journal={arXiv preprint arXiv:1510.00149},
  year={2015}
}

@incollection{dong2014nvsim,
  title={NVSim: A circuit-level performance, energy, and area model for emerging non-volatile memory},
  author={Dong, Xiangyu and Xu, Cong and Jouppi, Norm and Xie, Yuan},
  booktitle={Emerging Memory Technologies},
  pages={15--50},
  year={2014},
  publisher={Springer}
}



@misc{mac_energy,
   author = {M. Horowitz},
   title = {Energy table for 45nm process, Stanford VLSI wiki.[Online].},
   howpublished = {\url{https://sites.google.com/site/seecproject}}
}

@inproceedings{chien2009multi,
  title={Multi-level operation of fully CMOS compatible WOx resistive random access memory (RRAM)},
  author={Chien, WC and Chen, YC and Chang, KP and Lai, EK and Yao, YD and Lin, P and Gong, J and Tsai, SC and Hsieh, SH and Chen, CF and others},
  booktitle={Memory Workshop, 2009. IMW'09. IEEE International},
  pages={1--2},
  year={2009},
  organization={IEEE}
}

@inproceedings{chien2011multi,
  title={Multi-level 40nm WO X resistive memory with excellent reliability},
  author={Chien, Wei-Chih and Lee, Ming-Hsiu and Lee, Feng-Ming and others},
  booktitle={Electron Devices Meeting (IEDM), 2011 IEEE International},
  pages={31--5},
  year={2011},
  organization={IEEE}
}

@inproceedings{fackenthal201419,
  title={19.7 A 16Gb ReRAM with 200MB/s write and 1GB/s read in 27nm technology},
  author={Fackenthal, Richard and Kitagawa, Makoto and Otsuka, Wataru and others},
  booktitle={ISSCC},
  pages={338--339},
  year={2014},
  organization={IEEE}
}

@online {ee598,
  author= "Shimeng Yu",
  title = "Overview of Memory Technology",
  url   = "https://www.coursehero.com/file/15370931/EEE-598-Section-1-Overview-of-Memory-Technology/",
  lastaccessed = "June 15, 2017"
}

@online {powercalc,
   title = "Power Calc",
   url = "https://www.micron.com/~/media/documents/products/power-calculator/ddr4_power_calc.xlsm?la=en",
   lastaccessed = "December 21, 2017"
}

@inproceedings{xia2016switched,
  title={Switched by input: Power efficient structure for RRAM-based convolutional neural network},
  author={Xia, Lixue and Tang, Tianqi and Huangfu, Wenqin and Cheng, Ming and Yin, Xiling and Li, Boxun and Wang, Yu and Yang, Huazhong},
  booktitle={Design Automation Conference (DAC), 2016 53nd ACM/EDAC/IEEE},
  pages={1--6},
  year={2016},
  organization={IEEE}
}

@inproceedings{wang2016rram,
 title={RRAM based Learning acceleration},
 author={Wang, Yu and Xia, Lixue and Cheng, Ming and Tang, Tianqi and Li, Boxun and Yang, Huazhong},
 booktitle={Compliers, Architectures, and Sythesis of Embedded Systems (CASES), 2016 International Conference on},
 pages={1--2},
 year={2016},
 organization={IEEE}
}

